<record xmlns="http://www.loc.gov/MARC21/slim" xmlns:xsi="http://www.w3.org/2001/XMLSchema-instance" xsi:schemaLocation="http://www.loc.gov/MARC21/slim http://www.loc.gov/standards/marcxml/schema/MARC21slim.xsd"><leader>00786cz   2200229n  4500</leader><controlfield tag="001">oca00449014 </controlfield><controlfield tag="005">19930208123958.4</controlfield><controlfield tag="008">800703n| acannaab|          |a aaa |||  </controlfield><datafield ind1=" " ind2=" " tag="010"><subfield code="a">n  80067474 </subfield><subfield code="z">n  87153438 </subfield></datafield><datafield ind1=" " ind2=" " tag="040"><subfield code="a">DLC</subfield><subfield code="c">DLC</subfield><subfield code="d">DLC</subfield></datafield><datafield ind1="0" ind2=" " tag="100"><subfield code="a">Diogenes Laertius</subfield></datafield><datafield ind1="1" ind2=" " tag="400"><subfield code="a">Laertius, Diogenes</subfield></datafield><datafield ind1="0" ind2=" " tag="400"><subfield code="a">Diogen LaeÌ&#x87;rtï¸&#160;sï¸¡iiÌ&#x86;</subfield></datafield><datafield ind1="0" ind2=" " tag="400"><subfield code="a">Diogen LaeÌ&#x87;rtï¸&#160;sï¸¡kiiÌ&#x86;</subfield></datafield><datafield ind1="1" ind2=" " tag="400"><subfield code="a">LaeÌ&#x87;rtï¸&#160;sï¸¡kiiÌ&#x86;, Diogen</subfield></datafield><datafield ind1="1" ind2=" " tag="400"><subfield code="a">LaeÌ&#x87;rtï¸&#160;sï¸¡iiÌ&#x86;, Diogen</subfield></datafield><datafield ind1="0" ind2=" " tag="400"><subfield code="a">DiogeÌ&#x80;ne LaeÌ&#x88;rce</subfield></datafield><datafield ind1="1" ind2=" " tag="400"><subfield code="a">LaeÌ&#x88;rce, DiogeÌ&#x80;ne</subfield></datafield><datafield ind1="0" ind2=" " tag="400"><subfield code="a">Diogene Laerzio</subfield></datafield><datafield ind1="1" ind2=" " tag="400"><subfield code="a">Laerzio, Diogene</subfield></datafield><datafield ind1=" " ind2=" " tag="670"><subfield code="a">Goulet-CazeÌ&#x81;, M.-O. L'asceÌ&#x80;se cynique, 1986:</subfield><subfield code="b">t.p. (DiogeÌ&#x80;ne LaeÌ&#x88;rce)</subfield></datafield><datafield ind1=" " ind2=" " tag="670"><subfield code="a">JanaÌ&#x81;cÌ&#x8c;ek, K. Indice delle vite dei filosofi di Diogene Laerzio, 1992:</subfield><subfield code="b">t.p. (Diogene Laerzio)</subfield></datafield></record>